%% This BibTeX bibliography file was created using BibDesk.
%% http://bibdesk.sourceforge.net/

%% Saved with string encoding Unicode (UTF-8) 



@inproceedings{lavin2010rapid,
  title={Rapid prototyping tools for FPGA designs: RapidSmith},
  author={Lavin, Christopher and Padilla, Marc and Lundrigan, Philip and Nelson, Brent and Hutchings, Brad},
  booktitle={Field-Programmable Technology (FPT), 2010 International Conference on},
  pages={353--356},
  year={2010},
  organization={IEEE}
}

@inproceedings{wenzel2016rapidsoc,
  title={RapidSoC: short turnaround creation of FPGA based SoCs},
  author={Wenzel, Jakob and Hochberger, Christian},
  booktitle={Rapid System Prototyping (RSP), 2016 International Symposium on},
  pages={1--7},
  year={2016},
  organization={IEEE}
}

@techreport{rapidsmith,
  author       = {Christopher Lavin, Marc Padilla, Jaren Lamprecht, Philip Lundrigan, Brent Nelson, Brad Hutchings, and Michael Wirthlin}, 
  title        = {A Library for Low level Manipulation of Partially Placed and Routed FPGA Designs},
  institution  = {NSF Center for High Performance Reconfigurable Computing (CHREC), Department of Electrical and Computer Engineering, Brigham Young University},
  year         = 2014,
  month        = 1,
  address      = {http://rapidsmith.sourceforge.net/doc/TechReportAndDocumentation.pdf?format=raw},
  note         = {}
 }

	
@misc{ISE,
	Month = 10,
	Year = {2013},
	Publisher = {Xilinx},
	Title = {Integrated Synthesis Environment}
}